%% This BibTeX bibliography file was created using BibDesk.
%% http://bibdesk.sourceforge.net/


%% Created for Daniel Silvestre at 2014-09-24 04:20:42 +0100


%% Saved with string encoding Unicode (UTF-8)

@article{dsilvestre:consensus,
	author={D. {Silvestre} and J. P. {Hespanha} and C. {Silvestre}},
	journal={IEEE Transactions on Control of Network Systems},
	title={Broadcast and Gossip Stochastic Average Consensus Algorithms in Directed Topologies},
	year={2019},
	volume={6},
	number={2},
	pages={474-486},
	keywords={directed graphs;randomised algorithms;stochastic processes;randomized algorithms;directed communication graph;random node;gossip stochastic average consensus algorithms;broadcast average consensus algorithm;mean-square sense;undirected graphs;directed topologies;Convergence;Topology;Network topology;Heuristic algorithms;Distributed algorithms;Robot kinematics;Communication networks;consensus;networks of autonomous agents;stability},
	doi={10.1109/TCNS.2018.2839341},
	ISSN={},
	month={June},
}

@article{ssaroiu:msp2pfss,
	author={S. {Saroiu} and P. K. { Gummadi} and S. D. {Gribble}},
	journal={Proceedings of Multimedia Computing and Networking (MMCN)},
	title={A Measurement Study of Peer-to-Peer File Sharing Systems},
	month={January},
	year={2002},
	keywords={
	    Peer-to-Peer;
	    Network Measurements;
	    Wide-Area Systems;
	    Internet Services;
	    Broadband
    },
}
