@article{dsilvestre:consensus,
	author={D. {Silvestre} and J. P. {Hespanha} and C. {Silvestre}},
	journal={IEEE Transactions on Control of Network Systems},
	title={Broadcast and Gossip Stochastic Average Consensus Algorithms in Directed Topologies},
	year={2019},
	volume={6},
	number={2},
	pages={474-486},
	keywords={directed graphs;randomised algorithms;stochastic processes;randomized algorithms;directed communication graph;random node;gossip stochastic average consensus algorithms;broadcast average consensus algorithm;mean-square sense;undirected graphs;directed topologies;Convergence;Topology;Network topology;Heuristic algorithms;Distributed algorithms;Robot kinematics;Communication networks;consensus;networks of autonomous agents;stability},
	doi={10.1109/TCNS.2018.2839341},
	ISSN={},
	month={June},
}

@inproceedings{markovchain_approach_to_pga,
    title = "A Markov chain approach to probabilistic swarm guidance",
    author = "Behcet Acikmese and Bayard, {David S.}",
    year = "2012",
    month = "11",
    day = "26",
    language = "English (US)",
    isbn = "9781457710957",
    pages = "6300-6307",
    booktitle = "2012 American Control Conference, ACC 2012",
}

@article{ssaroiu:msp2pfss,
	author={S. {Saroiu} and P. K. {Gummadi} and S. D. {Gribble}},
	journal={Proceedings of Multimedia Computing and Networking (MMCN)},
	title={A Measurement Study of Peer-to-Peer File Sharing Systems},
	month={January},
	year={2002},
	keywords={Peer-to-Peer; Network Measurements; Wide-Area Systems; Internet Services; Broadband},
}

@article{cyclon,
	author={S. {Voulgaris} and D. {Gavidia} and M. {van Steen}},
	journal={Journal of Network and Systems Management},
	volume={13},
	number={2},
	month={June},
	year={2005},
	doi={10.1007/s10922-005-4441-x},
	pages={197-217},
	title={CYCLON: Inexpensive Membership Management for Unstructured P2P Overlays},
	keywords={
        Membership management;
        Peer-to-Peer;
        Epidemic/Gossiping protocols;
        Unstructured overlays;
        Random graphs
    },
	ISSN={1573-7705},
}

@article{cloudcast,
	author={A. {Montresor} and L. {Abeni}},
	journal={2011 IEEE International Conference on Peer-to-Peer Computing},
	month={October},
	year={2011},
	doi={10.1109/P2P.2011.6038743},
	pages={197-217},
	title={Cloudy Weather for P2P, with a Chance of Gossip},
	ISSN={2161-3559},
	ISBN={978-1-4577-0148-1}
}

@article{cloudhome,
	author={V. D. {Cunsolo} and S. {Distefano} and A. {Puliafito} and M. {Scarpa}},
	journal={Huang DS., Jo KH., Lee HH., Kang HJ., Bevilacqua V. (eds) Emerging Intelligent Computing Technology and Applications},
	volume={5754},
	year={2009},
	doi={10.1007/978-3-642-04070-2_48},
	publisher={Springer, Berlin, Heidelberg},
	pages={423-432},
	title={Cloud@Home: Bridging the Gap between Volunteer and Cloud Computing},
    ISBN={978-3-642-04070-2}
}

@article{sotart,
	author={A. {Malatras}},
	journal={Journal of Network and Computer Applications},
	volume={55},
	month={September},
	year={2015},
	doi={10.1016/j.jnca.2015.04.014},
	pages={1-23},
	title={State-of-the-art survey on P2P overlay networks in pervasive computing environments},
	keywords={P2P; Overlay networks; Coexisting overlays; Bio-inspired overlays; Structured; Unstructured;},
}

@article{chord,
	author={I. {Stoica} and R. {Morris} and	D. {Liben-Nowell} and D. R. {Karger} and M. F. {Kaashoek} and F. {Dabek} and H. {Balakrishnan}},
	journal={IEEE/ACM Transactions on Networking},
	volume={11},
	number={1},
	month={February},
	year={2003},
	doi={10.1109/TNET.2002.808407},
	pages={17-32},
	title={Chord: a scalable peer-to-peer lookup protocol for Internet applications},
    ISSN={1063-6692}
}

@article{tapestry,
	author={B. Y. {Zhao} and L. {Huang} and J. {Stribling} and S. C. {Rhea} and A. D. {Joseph} and J. D. {Kubiatowicz}},
	journal={IEEE Journal on Selected Areas in Communications},
	volume={22},
	number={1},
	month={January},
	year={2004},
	doi={10.1109/JSAC.2003.818784},
	pages={41-53},
	title={Tapestry: A resilient global-scale overlay for service deployment},
    ISSN={0733-8716}
}

@article{kademlia,
	author={P. {Maymounkov} and D. {Mazières}},
	journal={Proceedings of first international workshop on peer-to-peer systems},
	volume={55},
	month={April},
	year={2002},
	pages={53–65},
	title={Kademlia: A Peer-to-peer Information System Based on the XOR Metric},
	ISSN={0302-9743}
}

@article{pgrid,
	author={D. {Yuhui} and F. {Ciura} and A. {Ciura}},
	journal={The Journal of Supercomputing},
	volume={49},
	number={1},
	month={July},
	year={2009},
	doi={10.1007/s11227-008-0214-0},
	pages={4–21},
	title={Ant colony optimization inspired resource discovery in P2P Grid systems},
	keywords={Peer-to-Peer; Grid; Resource discovery; Ant colony optimization; Complex adaptive systems;},
    ISSN={1573-0484}
}

@article{freenet,
	author={I. {Clarke} and O. {Sandberg} and B. {Wiley} and T. W. {Hong}},
	journal={H. {Federrath} (eds) Designing Privacy Enhancing Technologies. Lecture Notes in Computer Science},
	volume={2009},
	month={March},
	year={2001},
	pages={46-66},
	title={Freenet: A Distributed Anonymous Information Storage and Retrieval System},
	keywords={Malicious Node; Remote Node; Node Operator; Dictionary Attack; Private Information Retrieval;},
    ISBN={978-3-540-44702-3}
}

@article{gnutella-cs,
	author={M. {Ripeanu}},
	journal={Proceedings First International Conference on Peer-to-Peer Computing},
	month={August},
	year={2002},
	doi={10.1109/P2P.2001.990433},
	title={Peer-to-peer architecture case study: Gnutella network},
	keywords={Peer-to-Peer System Evaluation; Self-Organized Networks; Power-law Network; Topology Analysis;},
    ISBN={0-7695-1503-7}
}

@article{gia,
    author = {Y. {Chawathe} and S. {Ratnasamy} and L. {Breslau} and N. {Lanham} and S. {Shenker}},
    year = {2003},
    month = {08},
    pages = {},
    title = {Making Gnutella-like P2P Systems Scalable},
    volume = {33},
    journal = {Computer Communication Review},
    doi = {10.1145/863955.864000}
}

@article{bittorrent,
    author = {Cohen, Bram},
    year = {2003},
    month = {06},
    pages = {},
    title = {Incentives build robustness in BitTorrent},
    volume = {6},
    journal = {Workshop on Economics of Peer-to-Peer systems}
}

@article{selfchord,
	author={A. {Forestiero} and C. {Mastroianni} and M. {Meo}},
	journal={9th IEEE/ACM International Symposium on Cluster Computing and the Grid},
	month={June},
	year={2009},
	doi={10.1109/CCGRID.2009.39},
	title={Self-Chord: A Bio-inspired Algorithm for Structured P2P Systems},
    ISBN={978-1-4244-3935-5}
}

@article{spotify,
	author={G. {Kreitz} and F. {Niemela}},
	journal={2010 IEEE Tenth International Conference on Peer-to-Peer Computing (P2P)},
	month={September},
	year={2010},
	doi={10.1109/P2P.2010.5569963},
	title={Spotify -- Large Scale, Low Latency, P2P Music-on-Demand Streaming},
	keywords={Peer to peer computing; Servers; Protocols; Prefetching; Music; Throughput; Markov processes;},
    ISSN={2161-3559}
}

@article{wuala,
	author={T. {Mager} and E. {Biersack} and and P. {Michiardi}},
	journal={IEEE 12th International Conference on Peer-to-Peer Computing (P2P)},
	month={September},
	year={2012},
	doi={10.1109/P2P.2012.6335804},
	title={A measurement study of the Wuala on-line storage service},
	keywords={Servers; Encoding; Peer to peer computing; IP networks; Cryptography; Availability; Maintenance engineering;},
    ISSN={2161-3559}
}

@article{gfs,
	author={R. {Vijayakumari} and R. {Kirankumar} and K. G. {Rao}},
	journal={Proceedings of the 19th ACM Symposium on Operating Systems Principles 2003},
	volume={37},
	number={5},
	month={October},
	year={2003},
	doi={10.1145/945445.945450},
	pages={29-43},
	title={The Google File System},
	keywords={Fault Tolerance; Scalability; Data Storage; Clustered Storage; Design, Reliability; Performance; Measurement},
}

@article{hadoop,
	author={K. {Shvachko} and H. {Kuang} and S. {Radia} and R. {Chansler}},
	journal={2010 IEEE 26th Symposium on Mass Storage Systems and Technologies (MSST)},
	month={June},
	year={2010},
	doi={10.1109/MSST.2010.5496972},
	title={The Hadoop Distributed File System},
	keywords={Hadoop; HDFS; Distributed File System},
	ISSN={2160-1968}
}

@misc{ceph,
    author={Red Hat},
    note={Architecture — Ceph Documentation - 2019/12/08: ARCHITECTURE. Ceph, https://docs.ceph.com/docs/master/architecture/}
}

@misc{gnutella-rfc,
    author={Gnutella},
    note={Gnutella — A Protocol for Revolution - 2019/12/10: Gnutella Protocol Development. Gnutella RFC, http://rfc-gnutella.sourceforge.net/}
}

@misc{configure-ceph,
    author={Red Hat},
    note={Resources - 2019/12/13: How to configure Red Hat Ceph Storage, https://www.redhat.com/en/resources/resources-how-configure-red-hat-ceph-storage-html}
}

@article{ceph_benchmarks,
	author={X. {Zhang} and S. {Gaddam} and A. T. {Chronopoulos}},
	journal={2015 IEEE International Conference on Cloud Computing in Emerging Markets (CCEM)},
	month={November},
	year={2015},
	doi={10.1109/CCEM.2015.12},
	title={Ceph Distributed File System Benchmarks on an Openstack Cloud},
	ISBN={978-1-4673-8566-4}
}

@article{crush,
	author={S. A. {Weil} and S. A. {Brandt} and E. L. {Miller} and C. {Maltzahn}},
	journal={SC '06: Proceedings of the 2006 ACM/IEEE Conference on Supercomputing},
	month={November},
	year={2006},
	doi={10.1109/SC.2006.19},
	title={CRUSH: Controlled, Scalable, Decentralized Placement of Replicated Data}
}

@inproceedings{paxos,
    author={A. {Ailijiang} and A. {Charapko} and M. {Demirbas}},
    booktitle={2016 25th International Conference on Computer Communication and Networks (ICCCN)},
    title={Consensus in the Cloud: Paxos Systems Demystified},
    year={2016},
    volume={},
    number={},
    pages={1-10},
    keywords={cloud computing;computer centres;fault tolerant computing;Paxos systems;datacenter;cloud computing;leader election;group membership;cluster management;service discovery;resource/access management;master nodes;Paxos protocols;fault-tolerant solution;distributed consensus problem;coordination use-patterns;Google infrastructures;Facebook infrastructures;Apache top-level projects;distributed coordination domain;scalable distributed coordination systems;Protocols;Nominations and elections;Google;Synchronization;Cloud computing;Fault tolerance;Fault tolerant systems},
    doi={10.1109/ICCCN.2016.7568499},
    ISSN={null},
    month={Aug}
}

@article{steiner:kademlia,
    author = {Steiner, Moritz and En-Najjary, Taoufik and Biersack, Ernst},
    year = {2007},
    month = {01},
    pages = {65-70},
    title = {Exploiting KAD: possible uses and misuses.},
    volume = {37},
    journal = {Computer Communication Review}
}

@article{blatant,
    author = {Brocco, Amos and Malatras, Apostolos and Hirsbrunner, B{\'e}at},
    title = {Enabling Efficient Information Discovery in a Self-structured Grid},
    journal = {Future Gener. Comput. Syst.},
    issue_date = {June, 2010},
    volume = {26},
    number = {6},
    month = jun,
    year = {2010},
    issn = {0167-739X},
    pages = {838--846},
    numpages = {9},
    doi = {10.1016/j.future.2010.02.007},
    acmid = {1775036},
    publisher = {Elsevier Science Publishers B. V.},
    address = {Amsterdam, The Netherlands, The Netherlands},
    keywords = {Collaborative ant algorithms, Grid computing, Overlay networks, Resource discovery},
}

@INPROCEEDINGS{antares,
    author={A. {Forestiero} and C. {Mastroianni} and G. {Spezzano}},
    booktitle={2007 2nd Bio-Inspired Models of Network, Information and Computing Systems},
    title={Antares: an ant-inspired P2P information system for a self-structured grid},
    year={2007},
    volume={},
    number={},
    pages={151-158},
    keywords={cryptography;grid computing;information systems;mobile agents;peer-to-peer computing;self-structured grid;Antares;ant-inspired P2P information system;bio-inspired algorithm;ant-like agents;metadata documents;grid resources;binary strings;ad hoc probability functions;neighbor grid host;event-driven simulation;self-structured organization;Information systems;Color;Sorting;Peer to peer computing;High performance computing;Robustness;Scalability;Ant Algorithms;Grid;Information Dissemination;Information System;Peer-to-Peer},
    doi={10.1109/BIMNICS.2007.4610103},
    ISSN={null},
    month={December},
}

@article{epidemic_algorithms,
 author = {Demers, Alan and Greene, Dan and Houser, Carl and Irish, Wes and Larson, John and Shenker, Scott and Sturgis, Howard and Swinehart, Dan and Terry, Doug},
 title = {Epidemic Algorithms for Replicated Database Maintenance},
 journal = {SIGOPS Oper. Syst. Rev.},
 issue_date = {Jan., 1988},
 volume = {22},
 number = {1},
 month = jan,
 year = {1988},
 issn = {0163-5980},
 pages = {8--32},
 numpages = {25},
 url = {http://doi.acm.org/10.1145/43921.43922},
 doi = {10.1145/43921.43922},
 acmid = {43922},
 publisher = {ACM},
 address = {New York, NY, USA},
}

@InProceedings{newscast,
    author="T{\"o}lgyesi, Norbert
    and Jelasity, M{\'a}rk",
    editor="Sips, Henk
    and Epema, Dick
    and Lin, Hai-Xiang",
    title="Adaptive Peer Sampling with Newscast",
    booktitle="Euro-Par 2009 Parallel Processing",
    year="2009",
    publisher="Springer Berlin Heidelberg",
    address="Berlin, Heidelberg",
    pages="523--534",
    isbn="978-3-642-03869-3"
}

@InProceedings{peersim,
    author={A. {Montresor} and M. {Jelasity}},
    booktitle={2009 IEEE Ninth International Conference on Peer-to-Peer Computing},
    title={PeerSim: A scalable P2P simulator},
    year={2009},
    volume={},
    number={},
    pages={99-100},
    keywords={peer-to-peer computing;PeerSim;scalable P2P simulator;peer-to-peer system;Peer to peer computing;Protocols;Java;Engines;Writing;Topology;Monitoring;Discrete event simulation;Scalability;Testing},
    doi={10.1109/P2P.2009.5284506},
    ISSN={2161-3567},
    month={Sep.},
}

@book{webdragons,
    author = {Witten, Ian H. and Gori, Marco and Numerico, Teresa},
    title = {Web Dragons: Inside the Myths of Search Engine Technology},
    year = {2007},
    isbn = {0123706092, 9780080469096},
    pages = {153},
    publisher = {Morgan Kaufmann Publishers Inc.},
    address = {San Francisco, CA, USA},
}

@InProceedings{controlling_the_hubs,
    author={Y. {Liu} and C. {Yang} and K. {Xu} and H. {Chen}},
    booktitle={2008 International Conference on Internet Computing in Science and Engineering},
    title={Model of Controlling the Hubs in P2P Network},
    year={2008},
    volume={},
    number={},
    pages={417-422},
    keywords={client-server systems;peer-to-peer computing;telecommunication network topology;telecommunication security;P2P network;hubs;peer-to-peer network;C/S communication mode;topology control;Peer to peer computing;Network topology;Computer science;Communication system control;Computer networks;Network servers;Complex networks;IP networks;Space technology;Concrete;P2P network;hubs;topology control;hierarchical model},
    doi={10.1109/ICICSE.2008.23},
    ISSN={2330-9857},
    month={Jan},
}

@InProceedings{marriage_of_convinience,
    author="Kavalionak, Hanna
    and Montresor, Alberto",
    editor="Kuipers, Fernando A.
    and Heegaard, Poul E.",
    title="P2P and Cloud: A Marriage of Convenience for Replica Management",
    booktitle="Self-Organizing Systems",
    year="2012",
    publisher="Springer Berlin Heidelberg",
    address="Berlin, Heidelberg",
    pages="60--71",
    isbn="978-3-642-28583-7"
}

@article{gossip-based_aggregation,
     author = {Jelasity, M\'{a}rk and Montresor, Alberto and Babaoglu, Ozalp},
     title = {Gossip-based Aggregation in Large Dynamic Networks},
     journal = {ACM Trans. Comput. Syst.},
     issue_date = {August 2005},
     volume = {23},
     number = {3},
     month = aug,
     year = {2005},
     issn = {0734-2071},
     pages = {219--252},
     numpages = {34},
     url = {http://doi.acm.org/10.1145/1082469.1082470},
     doi = {10.1145/1082469.1082470},
     acmid = {1082470},
     publisher = {ACM},
     address = {New York, NY, USA},
     keywords = {Gossip-based protocols, proactive aggregation},
}

@book{newscast-computing,
    title = "Newscast Computing",
    author = "M. Jelasity and W. Kowalczyk and {van Steen}, M.",
    year = "2003",
    language = "English",
    series = "VU Technical Report",
    publisher = "Vrije Universiteit, Faculty of Mathematics and Computer Science",
    number = "IR-CS-006.03",
}

@InProceedings{eval-gossip-based,
    author="Jelasity, M{\'a}rk
    and Guerraoui, Rachid
    and Kermarrec, Anne-Marie
    and van Steen, Maarten",
    editor="Jacobsen, Hans-Arno",
    title="The Peer Sampling Service: Experimental Evaluation of Unstructured Gossip-Based Implementations",
    booktitle="Middleware 2004",
    year="2004",
    publisher="Springer Berlin Heidelberg",
    address="Berlin, Heidelberg",
    pages="79--98",
    isbn="978-3-540-30229-2"
}
